<record><leader>00000cas a22000007a 4500</leader><controlfield tag="001">61299145</controlfield><controlfield tag="008">050819c200u9999iluwr ne      0   a0eng c</controlfield><datafield ind1=" " ind2=" " tag="010"><subfield code="a">  2005214046</subfield></datafield><datafield ind1=" " ind2=" " tag="040"><subfield code="a">NSD</subfield><subfield code="b">eng</subfield><subfield code="c">NSD</subfield><subfield code="d">NSD</subfield><subfield code="d">NVF</subfield><subfield code="d">OCLCQ</subfield></datafield><datafield ind1=" " ind2=" " tag="012"><subfield code="m">y</subfield></datafield><datafield ind1="1" ind2=" " tag="022"><subfield code="a">1557-4806</subfield><subfield code="l">1557-4806</subfield><subfield code="y">1071-9784</subfield><subfield code="2">1</subfield></datafield><datafield ind1=" " ind2=" " tag="032"><subfield code="a">010453</subfield><subfield code="b">USPS</subfield></datafield><datafield ind1=" " ind2=" " tag="042"><subfield code="a">nsdp</subfield><subfield code="a">pcc</subfield></datafield><datafield ind1="1" ind2="0" tag="050"><subfield code="a">ISSN RECORD</subfield></datafield><datafield ind1="0" ind2=" " tag="130"><subfield code="a">Genoa journal (Sycamore, Ill.)</subfield></datafield><datafield ind1=" " ind2="0" tag="222"><subfield code="a">Genoa journal</subfield><subfield code="b">(Sycamore, Ill.)</subfield></datafield><datafield ind1="1" ind2="0" tag="245"><subfield code="a">Genoa journal.</subfield></datafield><datafield ind1=" " ind2=" " tag="260"><subfield code="a">Sycamore, Ill. :</subfield><subfield code="b">Shaw Suburban Media Group</subfield></datafield><datafield ind1=" " ind2=" " tag="300"><subfield code="a">v.</subfield></datafield><datafield ind1=" " ind2=" " tag="310"><subfield code="a">Weekly</subfield></datafield><datafield ind1=" " ind2=" " tag="588"><subfield code="a">Description based on surrogate of: Vol. 1, no. 30 (July 28, 2005).</subfield></datafield><datafield ind1=" " ind2=" " tag="752"><subfield code="a">United States</subfield><subfield code="b">Illinois</subfield><subfield code="c">De Kalb</subfield><subfield code="d">Genoa.</subfield></datafield><datafield ind1="0" ind2="0" tag="780"><subfield code="t">Dekalb County news (Sycamore, Ill.)</subfield><subfield code="x">1557-4822</subfield><subfield code="w">(DLC)  2005060703</subfield><subfield code="w">(OCoLC)58734392</subfield></datafield><datafield ind1="0" ind2="7" tag="785"><subfield code="t">Sycamore journal</subfield><subfield code="w">(OCoLC)64548361</subfield></datafield><datafield ind1="0" ind2="7" tag="785"><subfield code="t">Midweek (Sycamore, Ill.)</subfield></datafield><datafield ind1="1" ind2=" " tag="029"><subfield code="a">AU@</subfield><subfield code="b">000028218095</subfield></datafield></record>